<record><leader>00000cas a2200000 a 4500</leader><controlfield tag="001">9417340</controlfield><controlfield tag="008">830415d18431843hiumr ne      0   a0eng c</controlfield><datafield ind1=" " ind2=" " tag="010"><subfield code="a">sn 85047147 </subfield></datafield><datafield ind1=" " ind2=" " tag="040"><subfield code="a">VYN</subfield><subfield code="b">eng</subfield><subfield code="c">VYN</subfield><subfield code="d">HWN</subfield><subfield code="d">DLC</subfield><subfield code="d">OCL</subfield><subfield code="d">CVF</subfield><subfield code="d">OCLCG</subfield><subfield code="d">UKMGB</subfield><subfield code="d">OCLCQ</subfield><subfield code="d">OCLCF</subfield><subfield code="d">OCLCO</subfield><subfield code="d">CUS</subfield></datafield><datafield ind1="7" ind2=" " tag="016"><subfield code="a">013917127</subfield><subfield code="2">Uk</subfield></datafield><datafield ind1=" " ind2=" " tag="042"><subfield code="a">pcc</subfield></datafield><datafield ind1=" " ind2=" " tag="043"><subfield code="a">n-us-hi</subfield></datafield><datafield ind1=" " ind2="4" tag="050"><subfield code="a">AN</subfield></datafield><datafield ind1="0" ind2="4" tag="245"><subfield code="a">The Temperance advocate, and seamen's friend.</subfield></datafield><datafield ind1="3" ind2="0" tag="246"><subfield code="a">Seamen's friend</subfield></datafield><datafield ind1="1" ind2="3" tag="246"><subfield code="a">Advocate and friend</subfield></datafield><datafield ind1=" " ind2=" " tag="260"><subfield code="a">Honolulu, Oahu, S. Is. :</subfield><subfield code="b">S.C. Damon,</subfield><subfield code="c">[1843]</subfield></datafield><datafield ind1=" " ind2=" " tag="300"><subfield code="a">1 v. :</subfield><subfield code="b">ill. ;</subfield><subfield code="c">28 cm.</subfield></datafield><datafield ind1=" " ind2=" " tag="310"><subfield code="a">Monthly</subfield></datafield><datafield ind1="0" ind2=" " tag="362"><subfield code="a">Vol. 1, no. 2 (Feb. 1843)-v. 1, no. 12 (Dec. 1843).</subfield></datafield><datafield ind1=" " ind2=" " tag="500"><subfield code="a">Has unnumbered supplements for May 10, July 31, Sept. 30 and Nov. 18, 1843, called: Advocate and friend (Extra).</subfield></datafield><datafield ind1=" " ind2=" " tag="500"><subfield code="a">Printer: American Mission Press.</subfield></datafield><datafield ind1=" " ind2=" " tag="500"><subfield code="a">Editor: S.C. Damon.</subfield></datafield><datafield ind1=" " ind2="0" tag="650"><subfield code="a">Temperance</subfield><subfield code="v">Newspapers.</subfield></datafield><datafield ind1=" " ind2="0" tag="650"><subfield code="a">Sailors</subfield><subfield code="z">Hawaii</subfield><subfield code="v">Newspapers.</subfield></datafield><datafield ind1=" " ind2="0" tag="650"><subfield code="a">Christians</subfield><subfield code="z">Hawaii</subfield><subfield code="v">Newspapers.</subfield></datafield><datafield ind1=" " ind2="0" tag="651"><subfield code="a">Hawaii</subfield><subfield code="v">Newspapers.</subfield></datafield><datafield ind1=" " ind2="7" tag="650"><subfield code="a">Christians.</subfield><subfield code="2">fast</subfield><subfield code="0">(OCoLC)fst00859760</subfield></datafield><datafield ind1=" " ind2="7" tag="650"><subfield code="a">Sailors.</subfield><subfield code="2">fast</subfield><subfield code="0">(OCoLC)fst01103543</subfield></datafield><datafield ind1=" " ind2="7" tag="650"><subfield code="a">Temperance.</subfield><subfield code="2">fast</subfield><subfield code="0">(OCoLC)fst01147309</subfield></datafield><datafield ind1=" " ind2="7" tag="651"><subfield code="a">Hawaii.</subfield><subfield code="2">fast</subfield><subfield code="0">(OCoLC)fst01208724</subfield></datafield><datafield ind1=" " ind2="7" tag="655"><subfield code="a">Newspapers.</subfield><subfield code="2">fast</subfield><subfield code="0">(OCoLC)fst01423814</subfield></datafield><datafield ind1="1" ind2=" " tag="700"><subfield code="a">Damon, Samuel Chenery,</subfield><subfield code="d">1815-1885.</subfield></datafield><datafield ind1=" " ind2=" " tag="752"><subfield code="a">United States</subfield><subfield code="b">Hawaii</subfield><subfield code="c">Honolulu</subfield><subfield code="d">Honolulu.</subfield></datafield><datafield ind1="0" ind2="0" tag="780"><subfield code="t">Temperance advocate (Honolulu, Hawaii)</subfield><subfield code="w">(DLC)sn 85047146</subfield><subfield code="w">(OCoLC)10354990</subfield></datafield><datafield ind1="0" ind2="0" tag="785"><subfield code="t">Friend, of temperance and seamen</subfield><subfield code="w">(DLC)sn 85047148</subfield><subfield code="w">(OCoLC)9417462</subfield></datafield><datafield ind1="4" ind2="1" tag="856"><subfield code="3">02/01/1843 to 12/02/1843</subfield><subfield code="u">http://infoweb.newsbank.com/?db=EANX&amp;s_browseRef=decades/10FC2CF7A9A30AD8/all.xml</subfield></datafield><datafield ind1="1" ind2=" " tag="029"><subfield code="a">AU@</subfield><subfield code="b">000020380242</subfield></datafield></record>